@inproceedings{main,
author = "Lu, Zhi and Carneiro, Gustavo and Bradley, Andrew",
year = "2013",
month = "09",
pages = "452-60",
title = "Automated Nucleus and Cytoplasm Segmentation of Overlapping Cervical Cells",
volume = "16",
journal = "Medical image computing and computer-assisted intervention : MICCAI ... International Conference on Medical Image Computing and Computer-Assisted Intervention",
DOI = "10.1007/978-3-642-40811-3_57"
}